
   <record>
      <leader>00000nz  a2200000nc 4500</leader>
      <controlfield tag="001">institutions/30006440</controlfield>
      <controlfield tag="003">DE-633</controlfield>
      <controlfield tag="005">20250620052048.0</controlfield>
      <controlfield tag="008">161109||||z|||a|||||||||||||||||n||||||d</controlfield>
      <datafield tag="024" ind1="7" ind2=" ">
         <subfield code="a">Q12376170</subfield>
         <subfield code="2">WKP</subfield>
      </datafield>
      <datafield tag="024" ind1="7" ind2=" ">
         <subfield code="a">EV-TALl</subfield>
         <subfield code="q">siglum</subfield>
         <subfield code="2">rism</subfield>
      </datafield>
      <datafield tag="034" ind1="1" ind2=" ">
         <subfield code="d">24.7482317985842</subfield>
         <subfield code="f">59.441925881380755</subfield>
      </datafield>
      <datafield tag="040" ind1=" " ind2=" ">
         <subfield code="a">DE-633</subfield>
         <subfield code="c">DE-633</subfield>
         <subfield code="e">rismg</subfield>
      </datafield>
      <datafield tag="043" ind1=" " ind2=" ">
         <subfield code="c">XA-EE</subfield>
      </datafield>
      <datafield tag="110" ind1="1" ind2=" ">
         <subfield code="a">Tallinna Linnarhiiv</subfield>
         <subfield code="c">Tallinn</subfield>
         <subfield code="g">EV-TALl</subfield>
      </datafield>
      <datafield tag="368" ind1=" " ind2=" ">
         <subfield code="a">Institution</subfield>
         <subfield code="a">Library</subfield>
         <subfield code="a">Archive</subfield>
      </datafield>
      <datafield tag="371" ind1=" " ind2=" ">
         <subfield code="a">Tolli 6</subfield>
         <subfield code="b">10133 Tallinn</subfield>
         <subfield code="d">Estonia</subfield>
         <subfield code="m">linnaarhiiv@tallinnlv.ee</subfield>
         <subfield code="u">https://www.tallinn.ee/et/arhiivindus/tallinna-linnaarhiivi-tutvustus</subfield>
         <subfield code="z">tel: +372 / 645 7401</subfield>
         <subfield code="z">fax: +372 / 645 7400</subfield>
      </datafield>
      <datafield tag="410" ind1=" " ind2=" ">
         <subfield code="a">Tallinn City Archive</subfield>
      </datafield>
      <datafield tag="551" ind1="1" ind2=" ">
         <subfield code="a">Tallinn</subfield>
         <subfield code="0">places/3900519</subfield>
      </datafield>
      <datafield tag="680" ind1="1" ind2=" ">
         <subfield code="a">EV-TALl holds also the provenance Tallinna Magistraat/ Revaler Ratsarchiv.</subfield>
      </datafield>
      <datafield tag="856" ind1="1" ind2=" ">
         <subfield code="u">https://www.tallinn.ee/et/node/20120</subfield>
         <subfield code="z">About the provenance Tallinna Magistraat/ Revaler Ratsarchiv.</subfield>
      </datafield>
   </record>