
   <record>
      <leader>00000nz  a2200000nc 4500</leader>
      <controlfield tag="001">institutions/30006439</controlfield>
      <controlfield tag="003">DE-633</controlfield>
      <controlfield tag="005">20250930083520.0</controlfield>
      <controlfield tag="008">161109||||z|||a|||||||||||||||||n||||||d</controlfield>
      <datafield tag="024" ind1="7" ind2=" ">
         <subfield code="a">156223477</subfield>
         <subfield code="2">VIAF</subfield>
      </datafield>
      <datafield tag="024" ind1="7" ind2=" ">
         <subfield code="a">Q16413289</subfield>
         <subfield code="2">WKP</subfield>
      </datafield>
      <datafield tag="024" ind1="7" ind2=" ">
         <subfield code="a">EV-TALtm</subfield>
         <subfield code="q">siglum</subfield>
         <subfield code="2">rism</subfield>
      </datafield>
      <datafield tag="034" ind1="1" ind2=" ">
         <subfield code="d">24.745125626433634</subfield>
         <subfield code="f">59.43485188627692</subfield>
      </datafield>
      <datafield tag="040" ind1=" " ind2=" ">
         <subfield code="a">DE-633</subfield>
         <subfield code="c">DE-633</subfield>
         <subfield code="e">rismg</subfield>
      </datafield>
      <datafield tag="043" ind1=" " ind2=" ">
         <subfield code="c">XA-EE</subfield>
      </datafield>
      <datafield tag="110" ind1="1" ind2=" ">
         <subfield code="a">Eesti Teatri- ja Muusikamuuseum</subfield>
         <subfield code="c">Tallinn</subfield>
         <subfield code="g">EV-TALtm</subfield>
      </datafield>
      <datafield tag="368" ind1=" " ind2=" ">
         <subfield code="a">Institution</subfield>
         <subfield code="a">Library</subfield>
      </datafield>
      <datafield tag="371" ind1=" " ind2=" ">
         <subfield code="a">Müürivahe 12</subfield>
         <subfield code="b">Tallinn</subfield>
         <subfield code="d">Estonia</subfield>
         <subfield code="e">10146</subfield>
         <subfield code="m">post@ajaloomuuseum.ee</subfield>
         <subfield code="u">https://www.ajaloomuuseum.ee/kulastamine/majad/teatri-ja-muusikamuuseum</subfield>
         <subfield code="z">tel: +372 / 696 8684</subfield>
      </datafield>
      <datafield tag="410" ind1=" " ind2=" ">
         <subfield code="a">Estonian Theatre and Music Museum</subfield>
      </datafield>
      <datafield tag="551" ind1="1" ind2=" ">
         <subfield code="a">Tallinn</subfield>
         <subfield code="0">places/3900519</subfield>
      </datafield>
      <datafield tag="680" ind1="1" ind2=" ">
         <subfield code="a">Part of the Estonian History Museum.</subfield>
      </datafield>
      <datafield tag="710" ind1="1" ind2=" ">
         <subfield code="a">Eesti Ajaloomuuseum</subfield>
         <subfield code="0">institutions/30006438</subfield>
      </datafield>
   </record>